@inproceedings{Cooper:2010:BCS:1807128.1807152,
 author = {Cooper, Brian F. and Silberstein, Adam and Tam, Erwin and Ramakrishnan, Raghu and Sears, Russell},
 title = {Benchmarking cloud serving systems with YCSB},
 booktitle = {Proceedings of the 1st ACM symposium on Cloud computing},
 series = {SoCC '10},
 year = {2010},
 isbn = {978-1-4503-0036-0},
 location = {Indianapolis, Indiana, USA},
 pages = {143--154},
 numpages = {12},
 url = {http://doi.acm.org/10.1145/1807128.1807152},
 doi = {10.1145/1807128.1807152},
 acmid = {1807152},
 publisher = {ACM},
 address = {New York, NY, USA},
 keywords = {benchmarking, cloud serving database},
}

@inproceedings{Fan:2011:SCB:2038916.2038939,
 author = {Fan, Bin and Lim, Hyeontaek and Andersen, David G. and Kaminsky, Michael},
 title = {Small cache, big effect: provable load balancing for randomly partitioned cluster services},
 booktitle = {Proceedings of the 2nd ACM Symposium on Cloud Computing},
 series = {SOCC '11},
 year = {2011},
 isbn = {978-1-4503-0976-9},
 location = {Cascais, Portugal},
 pages = {23:1--23:12},
 articleno = {23},
 numpages = {12},
 url = {http://doi.acm.org/10.1145/2038916.2038939},
 doi = {10.1145/2038916.2038939},
 acmid = {2038939},
 publisher = {ACM},
 address = {New York, NY, USA},
 keywords = {caching, clusters, load balancing, performance},
}

@inproceedings{Ghosh:2011:SSS:2066302.2066917,
 author = {Ghosh, Mrinmoy and Nathuji, Ripal and Lee, Min and Schwan, Karsten and Lee, Hsien-Hsin S.},
 title = {Symbiotic Scheduling for Shared Caches in Multi-core Systems Using Memory Footprint Signature},
 booktitle = {Proceedings of the 2011 International Conference on Parallel Processing},
 series = {ICPP '11},
 year = {2011},
 isbn = {978-0-7695-4510-3},
 pages = {11--20},
 numpages = {10},
 url = {http://dx.doi.org/10.1109/ICPP.2011.72},
 doi = {10.1109/ICPP.2011.72},
 acmid = {2066917},
 publisher = {IEEE Computer Society},
 address = {Washington, DC, USA},
 keywords = {Scheduling, Symbiosis, Shared Caches, Multi-Core, Bloom Filter, Virtualization, Fairness},
} 

@INPROCEEDINGS{5403810, 
author={Chentao Wu and Xubin He and Shenggang Wan and Qiang Cao and Changsheng Xie}, 
booktitle={Performance Computing and Communications Conference (IPCCC), 2009 IEEE 28th International}, title={Hotspot Prediction and cache in distributed stream-processing storage systems}, 
year={2009}, 
month={dec.}, 
volume={}, 
number={}, 
pages={331 -340}, 
keywords={Cache storage;Computer science;Distributed computing;File systems;Frequency;Predictive models;Protocols;Prototypes;Streaming media;Throughput;cache storage;distributed processing;protocols;disk I/O;distributed stream-processing storage systems;efficient hotspot caching strategy;hotspot attribute-managed storage system;iSCSI protocols;object hotspot prediction model;object-based storage device file system;object-based storage systems;Hotspot;Object-based Storage;Performance Evaluation;Stream-processing;Zipf-like Distribution;}, 
doi={10.1109/PCCC.2009.5403810}, 
ISSN={1097-2641},}

@inproceedings{Badam:2009:HCS:1558977.1558986,
 author = {Badam, Anirudh and Park, KyoungSoo and Pai, Vivek S. and Peterson, Larry L.},
 title = {HashCache: cache storage for the next billion},
 booktitle = {Proceedings of the 6th USENIX symposium on Networked systems design and implementation},
 series = {NSDI'09},
 year = {2009},
 location = {Boston, Massachusetts},
 pages = {123--136},
 numpages = {14},
 url = {http://dl.acm.org/citation.cfm?id=1558977.1558986},
 acmid = {1558986},
 publisher = {USENIX Association},
 address = {Berkeley, CA, USA},
} 


@article{Fitzpatrick:2004:DCM:1012889.1012894,
 author = {Fitzpatrick, Brad},
 title = {Distributed caching with memcached},
 journal = {Linux J.},
 issue_date = {August 2004},
 volume = {2004},
 number = {124},
 month = aug,
 year = {2004},
 issn = {1075-3583},
 pages = {5--},
 url = {http://dl.acm.org/citation.cfm?id=1012889.1012894},
 acmid = {1012894},
 publisher = {Belltown Media},
 address = {Houston, TX},
}  

@inproceedings{Chang:2006:BDS:1267308.1267323,
 author = {Chang, Fay and Dean, Jeffrey and Ghemawat, Sanjay and Hsieh, Wilson C. and Wallach, Deborah A. and Burrows, Mike and Chandra, Tushar and Fikes, Andrew and Gruber, Robert E.},
 title = {Bigtable: a distributed storage system for structured data},
 booktitle = {Proceedings of the 7th USENIX Symposium on Operating Systems Design and Implementation - Volume 7},
 series = {OSDI '06},
 year = {2006},
 location = {Seattle, WA},
 pages = {15--15},
 numpages = {1},
 url = {http://dl.acm.org/citation.cfm?id=1267308.1267323},
 acmid = {1267323},
 publisher = {USENIX Association},
 address = {Berkeley, CA, USA},
}

@ONLINE{HBase:2013:Online,
title = {HBase: a distributed, scalable, big data store},
month = Feb,
year = {2013},
url = {http://hbase.apache.org}
}


@ONLINE{HDFS:2013:Online,
title = {The Hadoop Distributed Filesystem},
month = Feb,
year = {2013},
url = {http://hadoop.apache.org/docs/r1.0.4/hdfs_design.html}
}

@article{Mesnier:2011:DSS:1945023.1945030,
 author = {Mesnier, Michael P. and Akers, Jason B.},
 title = {Differentiated storage services},
 journal = {SIGOPS Oper. Syst. Rev.},
 issue_date = {January 2011},
 volume = {45},
 number = {1},
 month = feb,
 year = {2011},
 issn = {0163-5980},
 pages = {45--53},
 numpages = {9},
 url = {http://doi.acm.org/10.1145/1945023.1945030},
 doi = {10.1145/1945023.1945030},
 acmid = {1945030},
 publisher = {ACM},
 address = {New York, NY, USA},
 keywords = {caching, classification, file and storage systems, policybased management, quality-of-service (QoS), solid-state storage, tiered storage},
} 

@inproceedings{Zhu:2012:SCU:2342763.2342766,
 author = {Zhu, Timothy and Gandhi, Anshul and Harchol-Balter, Mor and Kozuch, Michael A.},
 title = {Saving cash by using less cache},
 booktitle = {Proceedings of the 4th USENIX conference on Hot Topics in Cloud Ccomputing},
 series = {HotCloud'12},
 year = {2012},
 location = {Boston, MA},
 pages = {3--3},
 numpages = {1},
 url = {http://dl.acm.org/citation.cfm?id=2342763.2342766},
 acmid = {2342766},
 publisher = {USENIX Association},
 address = {Berkeley, CA, USA},
} 

@article{Ousterhout:2011:CR:1965724.1965751,
 author = {Ousterhout, John and Agrawal, Parag and Erickson, David and Kozyrakis, Christos and Leverich, Jacob and Mazi\`{e}res, David and Mitra, Subhasish and Narayanan, Aravind and Ongaro, Diego and Parulkar, Guru and Rosenblum, Mendel and Rumble, Stephen M. and Stratmann, Eric and Stutsman, Ryan},
 title = {The case for RAMCloud},
 journal = {Commun. ACM},
 issue_date = {July 2011},
 volume = {54},
 number = {7},
 month = jul,
 year = {2011},
 issn = {0001-0782},
 pages = {121--130},
 numpages = {10},
 url = {http://doi.acm.org/10.1145/1965724.1965751},
 doi = {10.1145/1965724.1965751},
 acmid = {1965751},
 publisher = {ACM},
 address = {New York, NY, USA},
} 

@article{{\tiny Atikoglu:2012:WAL:2318857.2254766},
 author = {Atikoglu, Berk and Xu, Yuehai and Frachtenberg, Eitan and Jiang, Song and Paleczny, Mike},
 title = {Workload analysis of a large-scale key-value store},
 journal = {SIGMETRICS Perform. Eval. Rev.},
 issue_date = {June 2012},
 volume = {40},
 number = {1},
 month = jun,
 year = {2012},
 issn = {0163-5999},
 pages = {53--64},
 numpages = {12},
 url = {http://doi.acm.org/10.1145/2318857.2254766},
 doi = {10.1145/2318857.2254766},
 acmid = {2254766},
 publisher = {ACM},
 address = {New York, NY, USA},
 keywords = {key-value store, memcached, workload analysis, workload modeling},
}
